@misc{costello_2021, 
  title={Netsuite Inventory Management Software - what to know}, url={https://terillium.com/netsuite-inventory-management-software-everything-you-need-to-know/}, 
  journal={Terillium}, 
  publisher={Orical}, 
  author={Costello, Leah}, 
  year={2021}, 
  month={Mar}
} 
@misc{g2, 
  title={Fishbowl Inventory Reviews &amp; product details}, url={https://www.g2.com/products/fishbowl-inventory/reviews}, 
  journal={g2}
} 
@misc{capterra, 
  title={Sage INTACCT pricing, Alternatives &amp; More 2022}, 
  url={https://www.capterra.com/p/76/Intacct/}, 
  journal={Capterra}
} 
@misc{inventory, 
  title={Online inventory management software: Zoho inventory}, 
  url={https://www.zoho.com/inventory/}, 
  journal={Inventory Management | Online Inventory Software â€“ Zoho Inventory}, 
  publisher={Zoho}
} 
@misc{wood_2021, 
  title={19 best inventory management software apps}, url={https://www.nerdwallet.com/article/small-business/inventory-management-apps}, 
  journal={NerdWallet}, 
  publisher={NerdWallet}, 
  author={Wood , Meredith}, 
  year={2021}, 
  month={Apr}
} 